% !TEX root = main.tex
% !TEX encoding = UTF-8

@inproceedings{gemulla:mf_2011,
	title = {Large-scale matrix factorization with distributed stochastic gradient descent},
	booktitle = {Proceedings of the 17th {ACM} {SIGKDD} international conference on Knowledge discovery and data mining},
	author = {Gemulla, Rainer and Nijkamp, Erik and Haas, Peter J. and Sismanis, Yannis},
	year = {2011},
}

@inproceedings{yao:graph_ml_2009,
	title = {Efficient methods for topic model inference on streaming document collections},
	booktitle = {Proceedings of the 15th {ACM} {SIGKDD} international conference on Knowledge discovery and data mining},
	author = {Yao, Limin and Mimno, David and {McCallum}, Andrew},
	year = {2009},
}

@inproceedings{li:distributed_2013,
	title = {Distributed Delayed Proximal Gradient Methods},
	booktitle = {{NIPS} Workshop on Optimization for Machine Learning},
	author = {Li, Mu and Andersen, David G and Smola, Alexander},
	year = {2013},
}

@article{perozzi:deepwalk_2014,
	title = {{DeepWalk}: Online Learning of Social Representations},
	journaltitle = {Proceedings of the 20th {ACM} {SIGKDD} international conference on Knowledge discovery and data mining - {KDD} '14},
	author = {Perozzi, Bryan and Al-Rfou, Rami and Skiena, Steven},
	year = {2014},
}

@inproceedings{grover:node2vec_2016,
	title = {node2vec: Scalable Feature Learning for Networks},
	booktitle = {Proceedings of the 22nd {ACM} {SIGKDD} International Conference on Knowledge Discovery and Data Mining - {KDD} '16},
	author = {Grover, Aditya and Leskovec, Jure},
	year = {2016},
}

@inproceedings{kipf:gcn_2017,
	title = {Semi-Supervised Classification with Graph Convolutional Networks},
	booktitle = {Proceedings of the International Conference on Learning and Representation ({ICLR})},
	author = {Kipf, Thomas N. and Welling, Max},
	year = {2017},
}

@inproceedings{hamilton:graphsage_2017,
	title = {Inductive Representation Learning on Large Graphs},
	booktitle = {Advances in neural information processing systems ({NeurIPS})},
	author = {Hamilton, William L. and Ying, Rex and Leskovec, Jure},
	year = {2017},
}

@inproceedings{li:gated_2016,
	title = {Gated Graph Sequence Neural Networks},
	booktitle = {Proceedings of the International Conference on Learning and Representation ({ICLR})},
	author = {Li, Yujia and Tarlow, Daniel and Brockschmidt, Marc and Zemel, Richard},
	year = {2016},
}

@inproceedings{velickovic:gat_2018,
	title = {Graph Attention Networks},
	booktitle = {Proceedings of the International Conference on Learning and Representation ({ICLR})},
	author = {Veličković, Petar and Cucurull, Guillem and Casanova, Arantxa and Romero, Adriana and Liò, Pietro and Bengio, Yoshua},
	year = {2018},
}

@inproceedings{olukotun:software2_2018,
	title = {Designing Computer Systems for Software 2.0},
	booktitle = {Keynote of the 45th International Symposium on Computer Architecture (ISCA)},
	author = {Kunle Olukotun},
	year = {2018},
}

@inproceedings{deng:imagenet_2009,
	title = {{ImageNet}: A large-scale hierarchical image database},
	booktitle = {2009 {IEEE} Conference on Computer Vision and Pattern Recognition},
	author = {Deng, Jia and Dong, Wei and Socher, Richard and Li, Li-Jia and Kai Li and Li Fei-Fei},
	year = {2009},
}

@inproceedings{krizhevsky:alexnet_2012,
	title = {{ImageNet} classification with deep convolutional neural networks},
	booktitle = {Proceedings of the 25th International Conference on Neural Information Processing Systems - Volume 1},
	author = {Krizhevsky, Alex and Sutskever, Ilya and Hinton, Geoffrey E.},
	year = {2012}
}

@inproceedings{he:resnet_2016,
	title = {Deep Residual Learning for Image Recognition},
	booktitle = {2016 {IEEE} Conference on Computer Vision and Pattern Recognition ({CVPR})},
	author = {He, Kaiming and Zhang, Xiangyu and Ren, Shaoqing and Sun, Jian},
	year = {2016-06},
}

@inproceedings{jia:caffe_2014,
	title = {Caffe: Convolutional Architecture for Fast Feature Embedding},
	booktitle = {Proceedings of the 22nd {ACM} international conference on Multimedia},
	author = {Jia, Yangqing and Shelhamer, Evan and Donahue, Jeff and Karayev, Sergey and Long, Jonathan and Girshick, Ross and Guadarrama, Sergio and Darrell, Trevor},
	year = {2014},
}

@article{ai-rfou:theano_2016,
	title = {Theano: A Python framework for fast computation of mathematical expressions},
	journaltitle = {{arXiv}:1605.02688 [cs]},
	author = {Al-Rfou, Rami and Alain, Guillaume and Almahairi, Amjad and Angermueller, Christof and Bahdanau, Dzmitry and Ballas, Nicolas and others},
	year = {2016},
}

@inproceedings{abadi:tensorflow_2016,
	title = {{TensorFlow}: A system for large-scale machine learning},
	booktitle = {12th {USENIX} Symposium on Operating Systems Design and Implementation ({OSDI} 16)},
	author = {Abadi, Martin and Barham, Paul and Chen, Jianmin and Chen, Zhifeng and Davis, Andy and Dean, Jeffrey and Devin, Matthieu and Ghemawat, Sanjay and Irving, Geoffrey and Isard, Michael and Kudlur, Manjunath and Levenberg, Josh and Monga, Rajat and Moore, Sherry and Murray, Derek G. and Steiner, Benoit and Tucker, Paul and Vasudevan, Vijay and Warden, Pete and Wicke, Martin and Yu, Yuan and Zheng, Xiaoqiang},
	year = {2016},
}

@inproceedings{chen:mxnet_2016,
	title = {{MXNet}: A Flexible and Efficient Machine Learning Library for Heterogeneous Distributed Systems},
	booktitle = {In Neural Information Processing Systems, Workshop on Machine Learning Systems},
	author = {Chen, Tianqi and Li, Mu and Li, Yutian and Lin, Min and Wang, Naiyan and Wang, Minjie and Xiao, Tianjun and Xu, Bing and Zhang, Chiyuan and Zhang, Zheng},
	year = {2016},
}

@inproceedings{paszke:pytorch_2019,
	title = {{PyTorch}: An Imperative Style, High-Performance Deep Learning Library},
	booktitle = {In Advances in Neural Information Processing Systems 32 ({NIPS} 2019)},
	author = {Paszke, Adam and Gross, Sam and Massa, Francisco and Lerer, Adam and Bradbury, James and Chanan, Gregory and Killeen, Trevor and Lin, Zeming and Gimelshein, Natalia and Antiga, Luca and Desmaison, Alban and Kopf, Andreas and Yang, Edward and {DeVito}, Zachary and Raison, Martin and Tejani, Alykhan and Chilamkurthy, Sasank and Steiner, Benoit and Fang, Lu and Bai, Junjie and Chintala, Soumith},
	year = {2019},
}

@article{moreau:vta_2018,
	title = {{VTA}: An Open Hardware-Software Stack for Deep Learning},
	journaltitle = {{arXiv}:1807.04188 [cs, stat]},
	author = {Moreau, Thierry and Chen, Tianqi and Jiang, Ziheng and Ceze, Luis and Guestrin, Carlos and Krishnamurthy, Arvind},
	year = {2018},
}

@inproceedings{roesch:relay_2018,
	title = {Relay: A New {IR} for Machine Learning Frameworks},
	booktitle = {Proceedings of the 2nd {ACM} {SIGPLAN} International Workshop on Machine Learning and Programming Languages  - {MAPL} 2018},
	author = {Roesch, Jared and Lyubomirsky, Steven and Weber, Logan and Pollock, Josh and Kirisame, Marisa and Chen, Tianqi and Tatlock, Zachary},
	year = {2018},
}

@inproceedings{chen:tvm_2018,
	title = {{TVM}: an automated end-to-end optimizing compiler for deep learning},
	booktitle = {Proceedings of the 12th {USENIX} conference on Operating Systems Design and Implementation (OSDI)},
	author = {Chen, Tianqi and Moreau, Thierry and Jiang, Ziheng and Zheng, Lianmin and Yan, Eddie and Cowan, Meghan and Shen, Haichen and Wang, Leyuan and Hu, Yuwei and Ceze, Luis and Guestrin, Carlos and Krishnamurthy, Arvind},
	year = {2018}
}

@misc{google:xla,
	title = {{XLA}: Optimizing Compiler for Machine Learning},
	author = {Google},
	url = {https://github.com/tensorflow/tensorflow/tree/master/tensorflow/compiler/xla},
	year = {2017},
}

@article{jouppi:tpu_2017,
	title = {In-Datacenter Performance Analysis of a Tensor Processing Unit},
	journaltitle = {{ACM} {SIGARCH} Computer Architecture News},
	author = {Jouppi, Norman P. and Young, Cliff and Patil, Nishant and Patterson, David and Agrawal, Gaurav and Bajwa, Raminder and others},
	year = {2017},
}

